<record><leader>00000cas a2200000 a 4500</leader><controlfield tag="001">12800451</controlfield><controlfield tag="008">851115d19131921ksuwr ne      0    0eng d</controlfield><datafield ind1=" " ind2=" " tag="010"><subfield code="a">sn 85067146 </subfield></datafield><datafield ind1=" " ind2=" " tag="040"><subfield code="a">KSH</subfield><subfield code="b">eng</subfield><subfield code="c">KSH</subfield><subfield code="d">NPT</subfield><subfield code="d">OCL</subfield><subfield code="d">OCLCQ</subfield></datafield><datafield ind1=" " ind2=" " tag="042"><subfield code="a">msc</subfield></datafield><datafield ind1="0" ind2=" " tag="130"><subfield code="a">Shawnee chief (Topeka, Kan.)</subfield></datafield><datafield ind1="1" ind2="4" tag="245"><subfield code="a">The Shawnee chief.</subfield></datafield><datafield ind1=" " ind2=" " tag="260"><subfield code="a">North Topeka, Kan. :</subfield><subfield code="b">Ernest Tucker,</subfield><subfield code="c">1913-1921.</subfield></datafield><datafield ind1=" " ind2=" " tag="300"><subfield code="a">9 v. :</subfield><subfield code="b">ill. ;</subfield><subfield code="c">55-62 cm.</subfield></datafield><datafield ind1=" " ind2=" " tag="310"><subfield code="a">Weekly</subfield></datafield><datafield ind1="0" ind2=" " tag="362"><subfield code="a">Vol. 1, no. 27 (Oct. 24, 1913)-v. 9, no. 38 (Dec. 29, 1921).</subfield></datafield><datafield ind1=" " ind2=" " tag="500"><subfield code="a">Publisher varies.</subfield></datafield><datafield ind1=" " ind2=" " tag="752"><subfield code="a">United States</subfield><subfield code="b">Kansas</subfield><subfield code="c">Shawnee</subfield><subfield code="d">Topeka.</subfield></datafield><datafield ind1="0" ind2="0" tag="780"><subfield code="t">North Shawnee chief</subfield><subfield code="w">(DLC)sn 85067145</subfield></datafield><datafield ind1="0" ind2="0" tag="785"><subfield code="t">Shawnee farmer</subfield><subfield code="w">(DLC)sn 85067226</subfield></datafield><datafield ind1="1" ind2=" " tag="029"><subfield code="a">AU@</subfield><subfield code="b">000022171183</subfield></datafield></record>